@misc{ wiki:grover,
    author = "Wikipedia",
    title = "Grover's algorithm --- Wikipedia{,} The Free Encyclopedia",
    year = "2017",
    url = "https://en.wikipedia.org/w/index.php?title=Grover%27s_algorithm&oldid=800787238",
    note = "[Online; accessed 
12-October-2017
]"
  }
  
 @Misc{video,
Author = "IBM",
Title = "Running an experiment in the IBM Quantum Experience",
url = "https://www.youtube.com/watch?v=pYD6bvKLI_c",
year = 2016
}

 @Misc{imbq,
Author = "IBM",
Title = "IBM Quantum Experience",
url = "https://quantumexperience.ng.bluemix.net/qx/community",
year = 2017
}